[{
  "Id": "1",
  "Date": "2015-01-31",
  "Category": "Classic",
  "Size": "S",
  "Sales": "515",
  "Revenue": "5834.0",
  "Total_Order": "507"
}, {
  "Id": "2",
  "Date": "2015-01-31",
  "Category": "Classic",
  "Size": "M",
  "Sales": "333",
  "Revenue": "4935.75",
  "Total_Order": "327"
}, {
  "Id": "3",
  "Date": "2015-01-31",
  "Category": "Classic",
  "Size": "L",
  "Sales": "357",
  "Revenue": "6502.75",
  "Total_Order": "352"
}, {
  "Id": "4",
  "Date": "2015-01-31",
  "Category": "Classic",
  "Size": "XL",
  "Sales": "50",
  "Revenue": "1275.0",
  "Total_Order": "50"
}, {
  "Id": "5",
  "Date": "2015-01-31",
  "Category": "Classic",
  "Size": "XXL",
  "Sales": "2",
  "Revenue": "71.9",
  "Total_Order": "2"
}, {
  "Id": "6",
  "Date": "2015-01-31",
  "Category": "Veggie",
  "Size": "S",
  "Sales": "215",
  "Revenue": "2619.25",
  "Total_Order": "215"
}, {
  "Id": "7",
  "Date": "2015-01-31",
  "Category": "Veggie",
  "Size": "M",
  "Sales": "318",
  "Revenue": "5058.0",
  "Total_Order": "316"
}, {
  "Id": "8",
  "Date": "2015-01-31",
  "Category": "Veggie",
  "Size": "L",
  "Sales": "485",
  "Revenue": "9378.15",
  "Total_Order": "467"
}, {
  "Id": "9",
  "Date": "2015-01-31",
  "Category": "Chicken",
  "Size": "S",
  "Sales": "182",
  "Revenue": "2320.5",
  "Total_Order": "180"
}, {
  "Id": "10",
  "Date": "2015-01-31",
  "Category": "Chicken",
  "Size": "M",
  "Sales": "325",
  "Revenue": "5443.75",
  "Total_Order": "316"
}, {
  "Id": "11",
  "Date": "2015-01-31",
  "Category": "Chicken",
  "Size": "L",
  "Sales": "406",
  "Revenue": "8424.5",
  "Total_Order": "398"
}, {
  "Id": "12",
  "Date": "2015-01-31",
  "Category": "Supreme",
  "Size": "S",
  "Sales": "317",
  "Revenue": "4329.75",
  "Total_Order": "312"
}, {
  "Id": "13",
  "Date": "2015-01-31",
  "Category": "Supreme",
  "Size": "M",
  "Sales": "335",
  "Revenue": "5506.0",
  "Total_Order": "332"
}, {
  "Id": "14",
  "Date": "2015-01-31",
  "Category": "Supreme",
  "Size": "L",
  "Sales": "392",
  "Revenue": "8094.0",
  "Total_Order": "382"
}, {
  "Id": "15",
  "Date": "2015-02-28",
  "Category": "Classic",
  "Size": "S",
  "Sales": "485",
  "Revenue": "5500.0",
  "Total_Order": "471"
}, {
  "Id": "16",
  "Date": "2015-02-28",
  "Category": "Classic",
  "Size": "M",
  "Sales": "326",
  "Revenue": "4773.5",
  "Total_Order": "321"
}, {
  "Id": "17",
  "Date": "2015-02-28",
  "Category": "Classic",
  "Size": "L",
  "Sales": "326",
  "Revenue": "5985.75",
  "Total_Order": "325"
}, {
  "Id": "18",
  "Date": "2015-02-28",
  "Category": "Classic",
  "Size": "XL",
  "Sales": "38",
  "Revenue": "969.0",
  "Total_Order": "38"
}, {
  "Id": "19",
  "Date": "2015-02-28",
  "Category": "Classic",
  "Size": "XXL",
  "Sales": "3",
  "Revenue": "107.85",
  "Total_Order": "3"
}, {
  "Id": "20",
  "Date": "2015-02-28",
  "Category": "Veggie",
  "Size": "S",
  "Sales": "231",
  "Revenue": "2808.75",
  "Total_Order": "229"
}, {
  "Id": "21",
  "Date": "2015-02-28",
  "Category": "Veggie",
  "Size": "M",
  "Sales": "272",
  "Revenue": "4343.5",
  "Total_Order": "266"
}, {
  "Id": "22",
  "Date": "2015-02-28",
  "Category": "Veggie",
  "Size": "L",
  "Sales": "441",
  "Revenue": "8484.15",
  "Total_Order": "432"
}, {
  "Id": "23",
  "Date": "2015-02-28",
  "Category": "Chicken",
  "Size": "S",
  "Sales": "189",
  "Revenue": "2409.75",
  "Total_Order": "187"
}, {
  "Id": "24",
  "Date": "2015-02-28",
  "Category": "Chicken",
  "Size": "M",
  "Sales": "294",
  "Revenue": "4924.5",
  "Total_Order": "291"
}, {
  "Id": "25",
  "Date": "2015-02-28",
  "Category": "Chicken",
  "Size": "L",
  "Sales": "392",
  "Revenue": "8134.0",
  "Total_Order": "381"
}, {
  "Id": "26",
  "Date": "2015-02-28",
  "Category": "Supreme",
  "Size": "S",
  "Sales": "284",
  "Revenue": "4023.35",
  "Total_Order": "281"
}, {
  "Id": "27",
  "Date": "2015-02-28",
  "Category": "Supreme",
  "Size": "M",
  "Sales": "318",
  "Revenue": "5221.5",
  "Total_Order": "307"
}, {
  "Id": "28",
  "Date": "2015-02-28",
  "Category": "Supreme",
  "Size": "L",
  "Sales": "362",
  "Revenue": "7474.0",
  "Total_Order": "360"
}, {
  "Id": "29",
  "Date": "2015-03-31",
  "Category": "Classic",
  "Size": "S",
  "Sales": "533",
  "Revenue": "6077.25",
  "Total_Order": "517"
}, {
  "Id": "30",
  "Date": "2015-03-31",
  "Category": "Classic",
  "Size": "M",
  "Sales": "332",
  "Revenue": "4860.5",
  "Total_Order": "327"
}, {
  "Id": "31",
  "Date": "2015-03-31",
  "Category": "Classic",
  "Size": "L",
  "Sales": "327",
  "Revenue": "6025.5",
  "Total_Order": "323"
}, {
  "Id": "32",
  "Date": "2015-03-31",
  "Category": "Classic",
  "Size": "XL",
  "Sales": "41",
  "Revenue": "1045.5",
  "Total_Order": "41"
}, {
  "Id": "33",
  "Date": "2015-03-31",
  "Category": "Classic",
  "Size": "XXL",
  "Sales": "3",
  "Revenue": "107.85",
  "Total_Order": "3"
}, {
  "Id": "34",
  "Date": "2015-03-31",
  "Category": "Veggie",
  "Size": "S",
  "Sales": "248",
  "Revenue": "3017.0",
  "Total_Order": "244"
}, {
  "Id": "35",
  "Date": "2015-03-31",
  "Category": "Veggie",
  "Size": "M",
  "Sales": "292",
  "Revenue": "4656.0",
  "Total_Order": "290"
}, {
  "Id": "36",
  "Date": "2015-03-31",
  "Category": "Veggie",
  "Size": "L",
  "Sales": "500",
  "Revenue": "9662.35",
  "Total_Order": "489"
}, {
  "Id": "37",
  "Date": "2015-03-31",
  "Category": "Chicken",
  "Size": "S",
  "Sales": "200",
  "Revenue": "2550.0",
  "Total_Order": "197"
}, {
  "Id": "38",
  "Date": "2015-03-31",
  "Category": "Chicken",
  "Size": "M",
  "Sales": "350",
  "Revenue": "5862.5",
  "Total_Order": "347"
}, {
  "Id": "39",
  "Date": "2015-03-31",
  "Category": "Chicken",
  "Size": "L",
  "Sales": "444",
  "Revenue": "9213.0",
  "Total_Order": "437"
}, {
  "Id": "40",
  "Date": "2015-03-31",
  "Category": "Supreme",
  "Size": "S",
  "Sales": "272",
  "Revenue": "3894.65",
  "Total_Order": "266"
}, {
  "Id": "41",
  "Date": "2015-03-31",
  "Category": "Supreme",
  "Size": "M",
  "Sales": "339",
  "Revenue": "5573.5",
  "Total_Order": "332"
}, {
  "Id": "42",
  "Date": "2015-03-31",
  "Category": "Supreme",
  "Size": "L",
  "Sales": "380",
  "Revenue": "7851.5",
  "Total_Order": "373"
}, {
  "Id": "43",
  "Date": "2015-04-30",
  "Category": "Classic",
  "Size": "S",
  "Sales": "502",
  "Revenue": "5717.75",
  "Total_Order": "493"
}, {
  "Id": "44",
  "Date": "2015-04-30",
  "Category": "Classic",
  "Size": "M",
  "Sales": "360",
  "Revenue": "5310.25",
  "Total_Order": "356"
}, {
  "Id": "45",
  "Date": "2015-04-30",
  "Category": "Classic",
  "Size": "L",
  "Sales": "322",
  "Revenue": "5987.5",
  "Total_Order": "314"
}, {
  "Id": "46",
  "Date": "2015-04-30",
  "Category": "Classic",
  "Size": "XL",
  "Sales": "65",
  "Revenue": "1657.5",
  "Total_Order": "63"
}, {
  "Id": "47",
  "Date": "2015-04-30",
  "Category": "Classic",
  "Size": "XXL",
  "Sales": "4",
  "Revenue": "143.8",
  "Total_Order": "4"
}, {
  "Id": "48",
  "Date": "2015-04-30",
  "Category": "Veggie",
  "Size": "S",
  "Sales": "226",
  "Revenue": "2749.5",
  "Total_Order": "224"
}, {
  "Id": "49",
  "Date": "2015-04-30",
  "Category": "Veggie",
  "Size": "M",
  "Sales": "325",
  "Revenue": "5177.0",
  "Total_Order": "323"
}, {
  "Id": "50",
  "Date": "2015-04-30",
  "Category": "Veggie",
  "Size": "L",
  "Sales": "410",
  "Revenue": "7876.95",
  "Total_Order": "398"
}, {
  "Id": "51",
  "Date": "2015-04-30",
  "Category": "Chicken",
  "Size": "S",
  "Sales": "168",
  "Revenue": "2142.0",
  "Total_Order": "167"
}, {
  "Id": "52",
  "Date": "2015-04-30",
  "Category": "Chicken",
  "Size": "M",
  "Sales": "339",
  "Revenue": "5678.25",
  "Total_Order": "332"
}, {
  "Id": "53",
  "Date": "2015-04-30",
  "Category": "Chicken",
  "Size": "L",
  "Sales": "417",
  "Revenue": "8652.75",
  "Total_Order": "404"
}, {
  "Id": "54",
  "Date": "2015-04-30",
  "Category": "Supreme",
  "Size": "S",
  "Sales": "255",
  "Revenue": "3526.8",
  "Total_Order": "247"
}, {
  "Id": "55",
  "Date": "2015-04-30",
  "Category": "Supreme",
  "Size": "M",
  "Sales": "366",
  "Revenue": "6011.25",
  "Total_Order": "360"
}, {
  "Id": "56",
  "Date": "2015-04-30",
  "Category": "Supreme",
  "Size": "L",
  "Sales": "392",
  "Revenue": "8105.5",
  "Total_Order": "382"
}, {
  "Id": "57",
  "Date": "2015-05-31",
  "Category": "Classic",
  "Size": "S",
  "Sales": "565",
  "Revenue": "6435.0",
  "Total_Order": "549"
}, {
  "Id": "58",
  "Date": "2015-05-31",
  "Category": "Classic",
  "Size": "M",
  "Sales": "355",
  "Revenue": "5221.0",
  "Total_Order": "348"
}, {
  "Id": "59",
  "Date": "2015-05-31",
  "Category": "Classic",
  "Size": "L",
  "Sales": "347",
  "Revenue": "6282.25",
  "Total_Order": "339"
}, {
  "Id": "60",
  "Date": "2015-05-31",
  "Category": "Classic",
  "Size": "XL",
  "Sales": "54",
  "Revenue": "1377.0",
  "Total_Order": "54"
}, {
  "Id": "61",
  "Date": "2015-05-31",
  "Category": "Classic",
  "Size": "XXL",
  "Sales": "3",
  "Revenue": "107.85",
  "Total_Order": "3"
}, {
  "Id": "62",
  "Date": "2015-05-31",
  "Category": "Veggie",
  "Size": "S",
  "Sales": "235",
  "Revenue": "2856.25",
  "Total_Order": "231"
}, {
  "Id": "63",
  "Date": "2015-05-31",
  "Category": "Veggie",
  "Size": "M",
  "Sales": "318",
  "Revenue": "5051.75",
  "Total_Order": "317"
}, {
  "Id": "64",
  "Date": "2015-05-31",
  "Category": "Veggie",
  "Size": "L",
  "Sales": "467",
  "Revenue": "9003.75",
  "Total_Order": "455"
}, {
  "Id": "65",
  "Date": "2015-05-31",
  "Category": "Chicken",
  "Size": "S",
  "Sales": "179",
  "Revenue": "2282.25",
  "Total_Order": "177"
}, {
  "Id": "66",
  "Date": "2015-05-31",
  "Category": "Chicken",
  "Size": "M",
  "Sales": "325",
  "Revenue": "5443.75",
  "Total_Order": "318"
}, {
  "Id": "67",
  "Date": "2015-05-31",
  "Category": "Chicken",
  "Size": "L",
  "Sales": "435",
  "Revenue": "9026.25",
  "Total_Order": "424"
}, {
  "Id": "68",
  "Date": "2015-05-31",
  "Category": "Supreme",
  "Size": "S",
  "Sales": "286",
  "Revenue": "4071.4",
  "Total_Order": "279"
}, {
  "Id": "69",
  "Date": "2015-05-31",
  "Category": "Supreme",
  "Size": "M",
  "Sales": "340",
  "Revenue": "5586.0",
  "Total_Order": "333"
}, {
  "Id": "70",
  "Date": "2015-05-31",
  "Category": "Supreme",
  "Size": "L",
  "Sales": "419",
  "Revenue": "8658.25",
  "Total_Order": "412"
}, {
  "Id": "71",
  "Date": "2015-06-30",
  "Category": "Classic",
  "Size": "S",
  "Sales": "466",
  "Revenue": "5341.5",
  "Total_Order": "456"
}, {
  "Id": "72",
  "Date": "2015-06-30",
  "Category": "Classic",
  "Size": "M",
  "Sales": "332",
  "Revenue": "4909.75",
  "Total_Order": "328"
}, {
  "Id": "73",
  "Date": "2015-06-30",
  "Category": "Classic",
  "Size": "L",
  "Sales": "350",
  "Revenue": "6463.25",
  "Total_Order": "344"
}, {
  "Id": "74",
  "Date": "2015-06-30",
  "Category": "Classic",
  "Size": "XL",
  "Sales": "49",
  "Revenue": "1249.5",
  "Total_Order": "47"
}, {
  "Id": "75",
  "Date": "2015-06-30",
  "Category": "Classic",
  "Size": "XXL",
  "Sales": "2",
  "Revenue": "71.9",
  "Total_Order": "2"
}, {
  "Id": "76",
  "Date": "2015-06-30",
  "Category": "Veggie",
  "Size": "S",
  "Sales": "214",
  "Revenue": "2598.75",
  "Total_Order": "213"
}, {
  "Id": "77",
  "Date": "2015-06-30",
  "Category": "Veggie",
  "Size": "M",
  "Sales": "285",
  "Revenue": "4548.0",
  "Total_Order": "282"
}, {
  "Id": "78",
  "Date": "2015-06-30",
  "Category": "Veggie",
  "Size": "L",
  "Sales": "459",
  "Revenue": "8863.8",
  "Total_Order": "445"
}, {
  "Id": "79",
  "Date": "2015-06-30",
  "Category": "Chicken",
  "Size": "S",
  "Sales": "174",
  "Revenue": "2218.5",
  "Total_Order": "174"
}, {
  "Id": "80",
  "Date": "2015-06-30",
  "Category": "Chicken",
  "Size": "M",
  "Sales": "351",
  "Revenue": "5879.25",
  "Total_Order": "343"
}, {
  "Id": "81",
  "Date": "2015-06-30",
  "Category": "Chicken",
  "Size": "L",
  "Sales": "385",
  "Revenue": "7988.75",
  "Total_Order": "370"
}, {
  "Id": "82",
  "Date": "2015-06-30",
  "Category": "Supreme",
  "Size": "S",
  "Sales": "277",
  "Revenue": "3889.25",
  "Total_Order": "271"
}, {
  "Id": "83",
  "Date": "2015-06-30",
  "Category": "Supreme",
  "Size": "M",
  "Sales": "367",
  "Revenue": "6030.0",
  "Total_Order": "362"
}, {
  "Id": "84",
  "Date": "2015-06-30",
  "Category": "Supreme",
  "Size": "L",
  "Sales": "396",
  "Revenue": "8178.0",
  "Total_Order": "388"
}, {
  "Id": "85",
  "Date": "2015-07-31",
  "Category": "Classic",
  "Size": "S",
  "Sales": "543",
  "Revenue": "6206.5",
  "Total_Order": "526"
}, {
  "Id": "86",
  "Date": "2015-07-31",
  "Category": "Classic",
  "Size": "M",
  "Sales": "378",
  "Revenue": "5543.25",
  "Total_Order": "372"
}, {
  "Id": "87",
  "Date": "2015-07-31",
  "Category": "Classic",
  "Size": "L",
  "Sales": "360",
  "Revenue": "6628.25",
  "Total_Order": "357"
}, {
  "Id": "88",
  "Date": "2015-07-31",
  "Category": "Classic",
  "Size": "XL",
  "Sales": "50",
  "Revenue": "1275.0",
  "Total_Order": "50"
}, {
  "Id": "89",
  "Date": "2015-07-31",
  "Category": "Veggie",
  "Size": "S",
  "Sales": "229",
  "Revenue": "2779.0",
  "Total_Order": "222"
}, {
  "Id": "90",
  "Date": "2015-07-31",
  "Category": "Veggie",
  "Size": "M",
  "Sales": "318",
  "Revenue": "5070.75",
  "Total_Order": "313"
}, {
  "Id": "91",
  "Date": "2015-07-31",
  "Category": "Veggie",
  "Size": "L",
  "Sales": "510",
  "Revenue": "9836.05",
  "Total_Order": "498"
}, {
  "Id": "92",
  "Date": "2015-07-31",
  "Category": "Chicken",
  "Size": "S",
  "Sales": "205",
  "Revenue": "2613.75",
  "Total_Order": "205"
}, {
  "Id": "93",
  "Date": "2015-07-31",
  "Category": "Chicken",
  "Size": "M",
  "Sales": "335",
  "Revenue": "5611.25",
  "Total_Order": "328"
}, {
  "Id": "94",
  "Date": "2015-07-31",
  "Category": "Chicken",
  "Size": "L",
  "Sales": "423",
  "Revenue": "8777.25",
  "Total_Order": "409"
}, {
  "Id": "95",
  "Date": "2015-07-31",
  "Category": "Supreme",
  "Size": "S",
  "Sales": "272",
  "Revenue": "3876.1",
  "Total_Order": "270"
}, {
  "Id": "96",
  "Date": "2015-07-31",
  "Category": "Supreme",
  "Size": "M",
  "Sales": "365",
  "Revenue": "5999.25",
  "Total_Order": "358"
}, {
  "Id": "97",
  "Date": "2015-07-31",
  "Category": "Supreme",
  "Size": "L",
  "Sales": "404",
  "Revenue": "8341.5",
  "Total_Order": "393"
}, {
  "Id": "98",
  "Date": "2015-08-31",
  "Category": "Classic",
  "Size": "S",
  "Sales": "533",
  "Revenue": "6053.25",
  "Total_Order": "516"
}, {
  "Id": "99",
  "Date": "2015-08-31",
  "Category": "Classic",
  "Size": "M",
  "Sales": "374",
  "Revenue": "5508.75",
  "Total_Order": "369"
}, {
  "Id": "100",
  "Date": "2015-08-31",
  "Category": "Classic",
  "Size": "L",
  "Sales": "330",
  "Revenue": "6066.0",
  "Total_Order": "325"
}, {
  "Id": "101",
  "Date": "2015-08-31",
  "Category": "Classic",
  "Size": "XL",
  "Sales": "44",
  "Revenue": "1122.0",
  "Total_Order": "44"
}, {
  "Id": "102",
  "Date": "2015-08-31",
  "Category": "Classic",
  "Size": "XXL",
  "Sales": "2",
  "Revenue": "71.9",
  "Total_Order": "2"
}, {
  "Id": "103",
  "Date": "2015-08-31",
  "Category": "Veggie",
  "Size": "S",
  "Sales": "209",
  "Revenue": "2544.0",
  "Total_Order": "206"
}, {
  "Id": "104",
  "Date": "2015-08-31",
  "Category": "Veggie",
  "Size": "M",
  "Sales": "315",
  "Revenue": "5019.75",
  "Total_Order": "314"
}, {
  "Id": "105",
  "Date": "2015-08-31",
  "Category": "Veggie",
  "Size": "L",
  "Sales": "436",
  "Revenue": "8446.65",
  "Total_Order": "428"
}, {
  "Id": "106",
  "Date": "2015-08-31",
  "Category": "Chicken",
  "Size": "S",
  "Sales": "222",
  "Revenue": "2830.5",
  "Total_Order": "218"
}, {
  "Id": "107",
  "Date": "2015-08-31",
  "Category": "Chicken",
  "Size": "M",
  "Sales": "313",
  "Revenue": "5242.75",
  "Total_Order": "310"
}, {
  "Id": "108",
  "Date": "2015-08-31",
  "Category": "Chicken",
  "Size": "L",
  "Sales": "399",
  "Revenue": "8279.25",
  "Total_Order": "388"
}, {
  "Id": "109",
  "Date": "2015-08-31",
  "Category": "Supreme",
  "Size": "S",
  "Sales": "300",
  "Revenue": "4213.2",
  "Total_Order": "297"
}, {
  "Id": "110",
  "Date": "2015-08-31",
  "Category": "Supreme",
  "Size": "M",
  "Sales": "329",
  "Revenue": "5404.25",
  "Total_Order": "326"
}, {
  "Id": "111",
  "Date": "2015-08-31",
  "Category": "Supreme",
  "Size": "L",
  "Sales": "362",
  "Revenue": "7476.0",
  "Total_Order": "351"
}, {
  "Id": "112",
  "Date": "2015-09-30",
  "Category": "Classic",
  "Size": "S",
  "Sales": "485",
  "Revenue": "5495.75",
  "Total_Order": "471"
}, {
  "Id": "113",
  "Date": "2015-09-30",
  "Category": "Classic",
  "Size": "M",
  "Sales": "322",
  "Revenue": "4760.75",
  "Total_Order": "317"
}, {
  "Id": "114",
  "Date": "2015-09-30",
  "Category": "Classic",
  "Size": "L",
  "Sales": "356",
  "Revenue": "6550.5",
  "Total_Order": "347"
}, {
  "Id": "115",
  "Date": "2015-09-30",
  "Category": "Classic",
  "Size": "XL",
  "Sales": "36",
  "Revenue": "918.0",
  "Total_Order": "36"
}, {
  "Id": "116",
  "Date": "2015-09-30",
  "Category": "Classic",
  "Size": "XXL",
  "Sales": "3",
  "Revenue": "107.85",
  "Total_Order": "3"
}, {
  "Id": "117",
  "Date": "2015-09-30",
  "Category": "Veggie",
  "Size": "S",
  "Sales": "229",
  "Revenue": "2781.0",
  "Total_Order": "227"
}, {
  "Id": "118",
  "Date": "2015-09-30",
  "Category": "Veggie",
  "Size": "M",
  "Sales": "272",
  "Revenue": "4336.25",
  "Total_Order": "269"
}, {
  "Id": "119",
  "Date": "2015-09-30",
  "Category": "Veggie",
  "Size": "L",
  "Sales": "410",
  "Revenue": "7895.35",
  "Total_Order": "403"
}, {
  "Id": "120",
  "Date": "2015-09-30",
  "Category": "Chicken",
  "Size": "S",
  "Sales": "174",
  "Revenue": "2218.5",
  "Total_Order": "174"
}, {
  "Id": "121",
  "Date": "2015-09-30",
  "Category": "Chicken",
  "Size": "M",
  "Sales": "311",
  "Revenue": "5209.25",
  "Total_Order": "303"
}, {
  "Id": "122",
  "Date": "2015-09-30",
  "Category": "Chicken",
  "Size": "L",
  "Sales": "415",
  "Revenue": "8611.25",
  "Total_Order": "404"
}, {
  "Id": "123",
  "Date": "2015-09-30",
  "Category": "Supreme",
  "Size": "S",
  "Sales": "264",
  "Revenue": "3828.1",
  "Total_Order": "257"
}, {
  "Id": "124",
  "Date": "2015-09-30",
  "Category": "Supreme",
  "Size": "M",
  "Sales": "283",
  "Revenue": "4650.5",
  "Total_Order": "281"
}, {
  "Id": "125",
  "Date": "2015-09-30",
  "Category": "Supreme",
  "Size": "L",
  "Sales": "330",
  "Revenue": "6817.0",
  "Total_Order": "327"
}, {
  "Id": "126",
  "Date": "2015-10-31",
  "Category": "Classic",
  "Size": "S",
  "Sales": "491",
  "Revenue": "5587.25",
  "Total_Order": "477"
}, {
  "Id": "127",
  "Date": "2015-10-31",
  "Category": "Classic",
  "Size": "M",
  "Sales": "323",
  "Revenue": "4758.75",
  "Total_Order": "317"
}, {
  "Id": "128",
  "Date": "2015-10-31",
  "Category": "Classic",
  "Size": "L",
  "Sales": "323",
  "Revenue": "5920.25",
  "Total_Order": "316"
}, {
  "Id": "129",
  "Date": "2015-10-31",
  "Category": "Classic",
  "Size": "XL",
  "Sales": "42",
  "Revenue": "1071.0",
  "Total_Order": "40"
}, {
  "Id": "130",
  "Date": "2015-10-31",
  "Category": "Classic",
  "Size": "XXL",
  "Sales": "2",
  "Revenue": "71.9",
  "Total_Order": "2"
}, {
  "Id": "131",
  "Date": "2015-10-31",
  "Category": "Veggie",
  "Size": "S",
  "Sales": "185",
  "Revenue": "2252.0",
  "Total_Order": "183"
}, {
  "Id": "132",
  "Date": "2015-10-31",
  "Category": "Veggie",
  "Size": "M",
  "Sales": "268",
  "Revenue": "4264.25",
  "Total_Order": "266"
}, {
  "Id": "133",
  "Date": "2015-10-31",
  "Category": "Veggie",
  "Size": "L",
  "Sales": "419",
  "Revenue": "8035.1",
  "Total_Order": "404"
}, {
  "Id": "134",
  "Date": "2015-10-31",
  "Category": "Chicken",
  "Size": "S",
  "Sales": "160",
  "Revenue": "2040.0",
  "Total_Order": "158"
}, {
  "Id": "135",
  "Date": "2015-10-31",
  "Category": "Chicken",
  "Size": "M",
  "Sales": "298",
  "Revenue": "4991.5",
  "Total_Order": "288"
}, {
  "Id": "136",
  "Date": "2015-10-31",
  "Category": "Chicken",
  "Size": "L",
  "Sales": "374",
  "Revenue": "7760.5",
  "Total_Order": "362"
}, {
  "Id": "137",
  "Date": "2015-10-31",
  "Category": "Supreme",
  "Size": "S",
  "Sales": "265",
  "Revenue": "3674.85",
  "Total_Order": "264"
}, {
  "Id": "138",
  "Date": "2015-10-31",
  "Category": "Supreme",
  "Size": "M",
  "Sales": "364",
  "Revenue": "5977.5",
  "Total_Order": "360"
}, {
  "Id": "139",
  "Date": "2015-10-31",
  "Category": "Supreme",
  "Size": "L",
  "Sales": "369",
  "Revenue": "7622.75",
  "Total_Order": "360"
}, {
  "Id": "140",
  "Date": "2015-11-30",
  "Category": "Classic",
  "Size": "S",
  "Sales": "539",
  "Revenue": "6122.5",
  "Total_Order": "525"
}, {
  "Id": "141",
  "Date": "2015-11-30",
  "Category": "Classic",
  "Size": "M",
  "Sales": "341",
  "Revenue": "5043.75",
  "Total_Order": "338"
}, {
  "Id": "142",
  "Date": "2015-11-30",
  "Category": "Classic",
  "Size": "L",
  "Sales": "334",
  "Revenue": "6164.0",
  "Total_Order": "326"
}, {
  "Id": "143",
  "Date": "2015-11-30",
  "Category": "Classic",
  "Size": "XL",
  "Sales": "45",
  "Revenue": "1147.5",
  "Total_Order": "45"
}, {
  "Id": "144",
  "Date": "2015-11-30",
  "Category": "Classic",
  "Size": "XXL",
  "Sales": "3",
  "Revenue": "107.85",
  "Total_Order": "3"
}, {
  "Id": "145",
  "Date": "2015-11-30",
  "Category": "Veggie",
  "Size": "S",
  "Sales": "228",
  "Revenue": "2778.0",
  "Total_Order": "228"
}, {
  "Id": "146",
  "Date": "2015-11-30",
  "Category": "Veggie",
  "Size": "M",
  "Sales": "289",
  "Revenue": "4606.75",
  "Total_Order": "288"
}, {
  "Id": "147",
  "Date": "2015-11-30",
  "Category": "Veggie",
  "Size": "L",
  "Sales": "456",
  "Revenue": "8822.45",
  "Total_Order": "443"
}, {
  "Id": "148",
  "Date": "2015-11-30",
  "Category": "Chicken",
  "Size": "S",
  "Sales": "191",
  "Revenue": "2435.25",
  "Total_Order": "189"
}, {
  "Id": "149",
  "Date": "2015-11-30",
  "Category": "Chicken",
  "Size": "M",
  "Sales": "357",
  "Revenue": "5979.75",
  "Total_Order": "343"
}, {
  "Id": "150",
  "Date": "2015-11-30",
  "Category": "Chicken",
  "Size": "L",
  "Sales": "433",
  "Revenue": "8984.75",
  "Total_Order": "423"
}, {
  "Id": "151",
  "Date": "2015-11-30",
  "Category": "Supreme",
  "Size": "S",
  "Sales": "300",
  "Revenue": "4200.3",
  "Total_Order": "297"
}, {
  "Id": "152",
  "Date": "2015-11-30",
  "Category": "Supreme",
  "Size": "M",
  "Sales": "350",
  "Revenue": "5747.5",
  "Total_Order": "342"
}, {
  "Id": "153",
  "Date": "2015-11-30",
  "Category": "Supreme",
  "Size": "L",
  "Sales": "400",
  "Revenue": "8255.0",
  "Total_Order": "395"
}, {
  "Id": "154",
  "Date": "2015-12-31",
  "Category": "Classic",
  "Size": "S",
  "Sales": "482",
  "Revenue": "5499.5",
  "Total_Order": "467"
}, {
  "Id": "155",
  "Date": "2015-12-31",
  "Category": "Classic",
  "Size": "M",
  "Sales": "336",
  "Revenue": "4955.75",
  "Total_Order": "325"
}, {
  "Id": "156",
  "Date": "2015-12-31",
  "Category": "Classic",
  "Size": "L",
  "Sales": "325",
  "Revenue": "5942.5",
  "Total_Order": "319"
}, {
  "Id": "157",
  "Date": "2015-12-31",
  "Category": "Classic",
  "Size": "XL",
  "Sales": "38",
  "Revenue": "969.0",
  "Total_Order": "36"
}, {
  "Id": "158",
  "Date": "2015-12-31",
  "Category": "Classic",
  "Size": "XXL",
  "Sales": "1",
  "Revenue": "35.95",
  "Total_Order": "1"
}, {
  "Id": "159",
  "Date": "2015-12-31",
  "Category": "Veggie",
  "Size": "S",
  "Sales": "214",
  "Revenue": "2603.25",
  "Total_Order": "212"
}, {
  "Id": "160",
  "Date": "2015-12-31",
  "Category": "Veggie",
  "Size": "M",
  "Sales": "311",
  "Revenue": "4969.0",
  "Total_Order": "308"
}, {
  "Id": "161",
  "Date": "2015-12-31",
  "Category": "Veggie",
  "Size": "L",
  "Sales": "410",
  "Revenue": "7897.95",
  "Total_Order": "401"
}, {
  "Id": "162",
  "Date": "2015-12-31",
  "Category": "Chicken",
  "Size": "S",
  "Sales": "180",
  "Revenue": "2295.0",
  "Total_Order": "179"
}, {
  "Id": "163",
  "Date": "2015-12-31",
  "Category": "Chicken",
  "Size": "M",
  "Sales": "296",
  "Revenue": "4958.0",
  "Total_Order": "292"
}, {
  "Id": "164",
  "Date": "2015-12-31",
  "Category": "Chicken",
  "Size": "L",
  "Sales": "409",
  "Revenue": "8486.75",
  "Total_Order": "399"
}, {
  "Id": "165",
  "Date": "2015-12-31",
  "Category": "Supreme",
  "Size": "S",
  "Sales": "285",
  "Revenue": "3935.75",
  "Total_Order": "282"
}, {
  "Id": "166",
  "Date": "2015-12-31",
  "Category": "Supreme",
  "Size": "M",
  "Sales": "290",
  "Revenue": "4767.75",
  "Total_Order": "284"
}, {
  "Id": "167",
  "Date": "2015-12-31",
  "Category": "Supreme",
  "Size": "L",
  "Sales": "358",
  "Revenue": "7385.0",
  "Total_Order": "354"
}]